<?xml version="1.0" encoding="UTF-8"?><collection xmlns="http://www.loc.gov/MARC21/slim"><record><leader>00589nam--2200181-i-4500</leader><controlfield tag="001">000011185</controlfield><controlfield tag="002">20161230</controlfield><controlfield tag="005">20161230201029</controlfield><controlfield tag="008">060222s1000------------r-----000-0-eng-d</controlfield><datafield ind1=" " ind2=" " tag="040"><subfield code="a">IFIN-HH</subfield></datafield><datafield ind1=" " ind2=" " tag="080"><subfield code="a">535:621.375.826</subfield></datafield><datafield ind1="1" ind2=" " tag="100"><subfield code="a">Butcher, Paul N</subfield></datafield><datafield ind1="1" ind2="0" tag="245"><subfield code="a">Nonlinear optical phenomena</subfield><subfield code="b">Bulletin 200 engineering experiment station ohio state university</subfield><subfield code="c">Paul n. butcher</subfield></datafield><datafield ind1=" " ind2=" " tag="260"><subfield code="a">Columbus, Ohio</subfield><subfield code="b">University Publishing Sales Office</subfield></datafield><datafield ind1=" " ind2=" " tag="300"><subfield code="a">VIII + 143 P</subfield></datafield><datafield ind1=" " ind2=" " tag="490"><subfield code="a">Ohio State University Engineering Publications</subfield></datafield><datafield ind1=" " ind2=" " tag="852"><subfield code="a">41890</subfield><subfield code="c">535</subfield></datafield><datafield ind1=" " ind2=" " tag="CAT"><subfield code="a">Sys</subfield><subfield code="c">20101104</subfield><subfield code="h">113626</subfield></datafield></record></collection>